@article{10241311,
  author   = {Li, Yuanzheng and Yu, Chaofan and Shahidehpour, Mohammad and Yang, Tao and Zeng, Zhigang and Chai, Tianyou},
  journal  = {Proceedings of the IEEE},
  title    = {Deep Reinforcement Learning for Smart Grid Operations: Algorithms, Applications, and Prospects},
  year     = {2023},
  volume   = {111},
  number   = {9},
  pages    = {1055-1096},
  keywords = {Smart grids;Reinforcement learning;Artificial intelligence;Surveys;Power system stability;Deep learning;Uncertainty;Renewable energy sources;Flexible electronics;Computer applications;Power markets;Electricity supply industry deregulation;Power system control;Deep reinforcement learning (DRL);electricity market;operational control;optimal dispatch;smart grid (SG)},
  doi      = {10.1109/JPROC.2023.3303358}
}
@article{10623438,
  author   = {Osowiecki, Wojciech T. and Coogans, Martyn J. and Sriraman, Saravanapriyan and Ranjan, Rakesh and Joe Lu, Yu and Fried, David M.},
  journal  = {IEEE Transactions on Semiconductor Manufacturing},
  title    = {Achieving Sustainability in the Semiconductor Industry: The Impact of Simulation and AI},
  year     = {2024},
  volume   = {37},
  number   = {4},
  pages    = {464-474},
  keywords = {Carbon footprint;Computational modeling;Manufacturing;Artificial intelligence;Carbon emissions;Environmental factors;Low carbon economy;Machine learning;Semiconductor materials;Sustainable development;Artificial intelligence;carbon emissions;carbon footprint;carbon reduction;computational modeling;environmental factors manufacturing;low carbon economy;machine learning;net zero;numerical simulation;predictive models;semiconductor materials;simulation;sustainable development},
  doi      = {10.1109/TSM.2024.3438622}
}
